@book{mtransformer,
      author    = "Sheng Liang Paul Hudak and Mark P. Jones",
      title     = "Monad transformers and modular interpreters",
      year      = "January 1995",
      publisher = "22nd ACM SIGPLAN-SIGACT Symposium on Principles of Programming Languages",
      address   = "San Francisco, CA"
}
